%YAML 1.1
%TAG !u! tag:unity3d.com,2011:
--- !u!29 &1
OcclusionCullingSettings:
  m_ObjectHideFlags: 0
  serializedVersion: 2
  m_OcclusionBakeSettings:
    smallestOccluder: 5
    smallestHole: 0.25
    backfaceThreshold: 100
  m_SceneGUID: 00000000000000000000000000000000
  m_OcclusionCullingData: {fileID: 0}
--- !u!104 &2
RenderSettings:
  m_ObjectHideFlags: 0
  serializedVersion: 9
  m_Fog: 0
  m_FogColor: {r: 0.5, g: 0.5, b: 0.5, a: 1}
  m_FogMode: 3
  m_FogDensity: 0.01
  m_LinearFogStart: 0
  m_LinearFogEnd: 300
  m_AmbientSkyColor: {r: 0.212, g: 0.227, b: 0.259, a: 1}
  m_AmbientEquatorColor: {r: 0.114, g: 0.125, b: 0.133, a: 1}
  m_AmbientGroundColor: {r: 0.047, g: 0.043, b: 0.035, a: 1}
  m_AmbientIntensity: 1
  m_AmbientMode: 3
  m_SubtractiveShadowColor: {r: 0.42, g: 0.478, b: 0.627, a: 1}
  m_SkyboxMaterial: {fileID: 0}
  m_HaloStrength: 0.5
  m_FlareStrength: 1
  m_FlareFadeSpeed: 3
  m_HaloTexture: {fileID: 0}
  m_SpotCookie: {fileID: 10001, guid: 0000000000000000e000000000000000, type: 0}
  m_DefaultReflectionMode: 0
  m_DefaultReflectionResolution: 128
  m_ReflectionBounces: 1
  m_ReflectionIntensity: 1
  m_CustomReflection: {fileID: 0}
  m_Sun: {fileID: 0}
  m_IndirectSpecularColor: {r: 0, g: 0, b: 0, a: 1}
  m_UseRadianceAmbientProbe: 0
--- !u!157 &3
LightmapSettings:
  m_ObjectHideFlags: 0
  serializedVersion: 11
  m_GIWorkflowMode: 1
  m_GISettings:
    serializedVersion: 2
    m_BounceScale: 1
    m_IndirectOutputScale: 1
    m_AlbedoBoost: 1
    m_TemporalCoherenceThreshold: 1
    m_EnvironmentLightingMode: 0
    m_EnableBakedLightmaps: 0
    m_EnableRealtimeLightmaps: 0
  m_LightmapEditorSettings:
    serializedVersion: 10
    m_Resolution: 2
    m_BakeResolution: 40
    m_AtlasSize: 1024
    m_AO: 0
    m_AOMaxDistance: 1
    m_CompAOExponent: 1
    m_CompAOExponentDirect: 0
    m_Padding: 2
    m_LightmapParameters: {fileID: 0}
    m_LightmapsBakeMode: 1
    m_TextureCompression: 1
    m_FinalGather: 0
    m_FinalGatherFiltering: 1
    m_FinalGatherRayCount: 256
    m_ReflectionCompression: 2
    m_MixedBakeMode: 2
    m_BakeBackend: 1
    m_PVRSampling: 1
    m_PVRDirectSampleCount: 32
    m_PVRSampleCount: 500
    m_PVRBounces: 2
    m_PVRFilterTypeDirect: 0
    m_PVRFilterTypeIndirect: 0
    m_PVRFilterTypeAO: 0
    m_PVRFilteringMode: 1
    m_PVRCulling: 1
    m_PVRFilteringGaussRadiusDirect: 1
    m_PVRFilteringGaussRadiusIndirect: 5
    m_PVRFilteringGaussRadiusAO: 2
    m_PVRFilteringAtrousPositionSigmaDirect: 0.5
    m_PVRFilteringAtrousPositionSigmaIndirect: 2
    m_PVRFilteringAtrousPositionSigmaAO: 1
    m_ShowResolutionOverlay: 1
  m_LightingDataAsset: {fileID: 0}
  m_UseShadowmask: 1
--- !u!196 &4
NavMeshSettings:
  serializedVersion: 2
  m_ObjectHideFlags: 0
  m_BuildSettings:
    serializedVersion: 2
    agentTypeID: 0
    agentRadius: 0.5
    agentHeight: 2
    agentSlope: 45
    agentClimb: 0.4
    ledgeDropHeight: 0
    maxJumpAcrossDistance: 0
    minRegionArea: 2
    manualCellSize: 0
    cellSize: 0.16666667
    manualTileSize: 0
    tileSize: 256
    accuratePlacement: 0
    debug:
      m_Flags: 0
  m_NavMeshData: {fileID: 0}
--- !u!1001 &101976470
Prefab:
  m_ObjectHideFlags: 0
  serializedVersion: 2
  m_Modification:
    m_TransformParent: {fileID: 2030190096}
    m_Modifications:
    - target: {fileID: 224481642781364536, guid: e9259d537f5bda441bdb522a5273856d,
        type: 2}
      propertyPath: m_LocalPosition.x
      value: 0
      objectReference: {fileID: 0}
    - target: {fileID: 224481642781364536, guid: e9259d537f5bda441bdb522a5273856d,
        type: 2}
      propertyPath: m_LocalPosition.y
      value: 0
      objectReference: {fileID: 0}
    - target: {fileID: 224481642781364536, guid: e9259d537f5bda441bdb522a5273856d,
        type: 2}
      propertyPath: m_LocalPosition.z
      value: 0
      objectReference: {fileID: 0}
    - target: {fileID: 224481642781364536, guid: e9259d537f5bda441bdb522a5273856d,
        type: 2}
      propertyPath: m_LocalRotation.x
      value: 0
      objectReference: {fileID: 0}
    - target: {fileID: 224481642781364536, guid: e9259d537f5bda441bdb522a5273856d,
        type: 2}
      propertyPath: m_LocalRotation.y
      value: 0
      objectReference: {fileID: 0}
    - target: {fileID: 224481642781364536, guid: e9259d537f5bda441bdb522a5273856d,
        type: 2}
      propertyPath: m_LocalRotation.z
      value: 1
      objectReference: {fileID: 0}
    - target: {fileID: 224481642781364536, guid: e9259d537f5bda441bdb522a5273856d,
        type: 2}
      propertyPath: m_LocalRotation.w
      value: 0
      objectReference: {fileID: 0}
    - target: {fileID: 224481642781364536, guid: e9259d537f5bda441bdb522a5273856d,
        type: 2}
      propertyPath: m_RootOrder
      value: 3
      objectReference: {fileID: 0}
    - target: {fileID: 224481642781364536, guid: e9259d537f5bda441bdb522a5273856d,
        type: 2}
      propertyPath: m_AnchoredPosition.x
      value: 1153
      objectReference: {fileID: 0}
    - target: {fileID: 224481642781364536, guid: e9259d537f5bda441bdb522a5273856d,
        type: 2}
      propertyPath: m_AnchoredPosition.y
      value: 1014.00024
      objectReference: {fileID: 0}
    - target: {fileID: 224481642781364536, guid: e9259d537f5bda441bdb522a5273856d,
        type: 2}
      propertyPath: m_SizeDelta.x
      value: 200
      objectReference: {fileID: 0}
    - target: {fileID: 224481642781364536, guid: e9259d537f5bda441bdb522a5273856d,
        type: 2}
      propertyPath: m_SizeDelta.y
      value: 270
      objectReference: {fileID: 0}
    - target: {fileID: 224481642781364536, guid: e9259d537f5bda441bdb522a5273856d,
        type: 2}
      propertyPath: m_AnchorMin.x
      value: 0
      objectReference: {fileID: 0}
    - target: {fileID: 224481642781364536, guid: e9259d537f5bda441bdb522a5273856d,
        type: 2}
      propertyPath: m_AnchorMin.y
      value: 0
      objectReference: {fileID: 0}
    - target: {fileID: 224481642781364536, guid: e9259d537f5bda441bdb522a5273856d,
        type: 2}
      propertyPath: m_AnchorMax.x
      value: 0
      objectReference: {fileID: 0}
    - target: {fileID: 224481642781364536, guid: e9259d537f5bda441bdb522a5273856d,
        type: 2}
      propertyPath: m_AnchorMax.y
      value: 0
      objectReference: {fileID: 0}
    - target: {fileID: 224481642781364536, guid: e9259d537f5bda441bdb522a5273856d,
        type: 2}
      propertyPath: m_Pivot.x
      value: 0.5
      objectReference: {fileID: 0}
    - target: {fileID: 224481642781364536, guid: e9259d537f5bda441bdb522a5273856d,
        type: 2}
      propertyPath: m_Pivot.y
      value: 0.5
      objectReference: {fileID: 0}
    - target: {fileID: 224481642781364536, guid: e9259d537f5bda441bdb522a5273856d,
        type: 2}
      propertyPath: m_LocalScale.x
      value: 1.0000306
      objectReference: {fileID: 0}
    - target: {fileID: 224481642781364536, guid: e9259d537f5bda441bdb522a5273856d,
        type: 2}
      propertyPath: m_LocalScale.y
      value: 1.0000311
      objectReference: {fileID: 0}
    - target: {fileID: 224481642781364536, guid: e9259d537f5bda441bdb522a5273856d,
        type: 2}
      propertyPath: m_LocalScale.z
      value: 1.0000311
      objectReference: {fileID: 0}
    - target: {fileID: 1842230483335522, guid: e9259d537f5bda441bdb522a5273856d, type: 2}
      propertyPath: m_Name
      value: Card (3)
      objectReference: {fileID: 0}
    - target: {fileID: 224481642781364536, guid: e9259d537f5bda441bdb522a5273856d,
        type: 2}
      propertyPath: m_LocalEulerAnglesHint.z
      value: 180
      objectReference: {fileID: 0}
    m_RemovedComponents: []
  m_SourcePrefab: {fileID: 100100000, guid: e9259d537f5bda441bdb522a5273856d, type: 2}
  m_IsPrefabAsset: 0
--- !u!224 &109717202 stripped
RectTransform:
  m_CorrespondingSourceObject: {fileID: 224481642781364536, guid: e9259d537f5bda441bdb522a5273856d,
    type: 2}
  m_PrefabInternal: {fileID: 1111620150}
--- !u!224 &142158084 stripped
RectTransform:
  m_CorrespondingSourceObject: {fileID: 224481642781364536, guid: e9259d537f5bda441bdb522a5273856d,
    type: 2}
  m_PrefabInternal: {fileID: 1879073751}
--- !u!1 &148988701
GameObject:
  m_ObjectHideFlags: 0
  m_CorrespondingSourceObject: {fileID: 0}
  m_PrefabInternal: {fileID: 0}
  serializedVersion: 6
  m_Component:
  - component: {fileID: 148988704}
  - component: {fileID: 148988703}
  - component: {fileID: 148988702}
  m_Layer: 0
  m_Name: EventSystem
  m_TagString: Untagged
  m_Icon: {fileID: 0}
  m_NavMeshLayer: 0
  m_StaticEditorFlags: 0
  m_IsActive: 1
--- !u!114 &148988702
MonoBehaviour:
  m_ObjectHideFlags: 0
  m_CorrespondingSourceObject: {fileID: 0}
  m_PrefabInternal: {fileID: 0}
  m_GameObject: {fileID: 148988701}
  m_Enabled: 1
  m_EditorHideFlags: 0
  m_Script: {fileID: 1077351063, guid: f70555f144d8491a825f0804e09c671c, type: 3}
  m_Name: 
  m_EditorClassIdentifier: 
  m_HorizontalAxis: Horizontal
  m_VerticalAxis: Vertical
  m_SubmitButton: Submit
  m_CancelButton: Cancel
  m_InputActionsPerSecond: 10
  m_RepeatDelay: 0.5
  m_ForceModuleActive: 0
--- !u!114 &148988703
MonoBehaviour:
  m_ObjectHideFlags: 0
  m_CorrespondingSourceObject: {fileID: 0}
  m_PrefabInternal: {fileID: 0}
  m_GameObject: {fileID: 148988701}
  m_Enabled: 1
  m_EditorHideFlags: 0
  m_Script: {fileID: -619905303, guid: f70555f144d8491a825f0804e09c671c, type: 3}
  m_Name: 
  m_EditorClassIdentifier: 
  m_FirstSelected: {fileID: 0}
  m_sendNavigationEvents: 1
  m_DragThreshold: 10
--- !u!4 &148988704
Transform:
  m_ObjectHideFlags: 0
  m_CorrespondingSourceObject: {fileID: 0}
  m_PrefabInternal: {fileID: 0}
  m_GameObject: {fileID: 148988701}
  m_LocalRotation: {x: 0, y: 0, z: 0, w: 1}
  m_LocalPosition: {x: 0, y: 0, z: 0}
  m_LocalScale: {x: 1, y: 1, z: 1}
  m_Children: []
  m_Father: {fileID: 0}
  m_RootOrder: 2
  m_LocalEulerAnglesHint: {x: 0, y: 0, z: 0}
--- !u!1001 &176943684
Prefab:
  m_ObjectHideFlags: 0
  serializedVersion: 2
  m_Modification:
    m_TransformParent: {fileID: 2030190096}
    m_Modifications:
    - target: {fileID: 224481642781364536, guid: e9259d537f5bda441bdb522a5273856d,
        type: 2}
      propertyPath: m_LocalPosition.x
      value: 0
      objectReference: {fileID: 0}
    - target: {fileID: 224481642781364536, guid: e9259d537f5bda441bdb522a5273856d,
        type: 2}
      propertyPath: m_LocalPosition.y
      value: 0
      objectReference: {fileID: 0}
    - target: {fileID: 224481642781364536, guid: e9259d537f5bda441bdb522a5273856d,
        type: 2}
      propertyPath: m_LocalPosition.z
      value: 0
      objectReference: {fileID: 0}
    - target: {fileID: 224481642781364536, guid: e9259d537f5bda441bdb522a5273856d,
        type: 2}
      propertyPath: m_LocalRotation.x
      value: 0
      objectReference: {fileID: 0}
    - target: {fileID: 224481642781364536, guid: e9259d537f5bda441bdb522a5273856d,
        type: 2}
      propertyPath: m_LocalRotation.y
      value: 0
      objectReference: {fileID: 0}
    - target: {fileID: 224481642781364536, guid: e9259d537f5bda441bdb522a5273856d,
        type: 2}
      propertyPath: m_LocalRotation.z
      value: 1
      objectReference: {fileID: 0}
    - target: {fileID: 224481642781364536, guid: e9259d537f5bda441bdb522a5273856d,
        type: 2}
      propertyPath: m_LocalRotation.w
      value: 0
      objectReference: {fileID: 0}
    - target: {fileID: 224481642781364536, guid: e9259d537f5bda441bdb522a5273856d,
        type: 2}
      propertyPath: m_RootOrder
      value: 0
      objectReference: {fileID: 0}
    - target: {fileID: 224481642781364536, guid: e9259d537f5bda441bdb522a5273856d,
        type: 2}
      propertyPath: m_AnchoredPosition.x
      value: 579
      objectReference: {fileID: 0}
    - target: {fileID: 224481642781364536, guid: e9259d537f5bda441bdb522a5273856d,
        type: 2}
      propertyPath: m_AnchoredPosition.y
      value: 1014
      objectReference: {fileID: 0}
    - target: {fileID: 224481642781364536, guid: e9259d537f5bda441bdb522a5273856d,
        type: 2}
      propertyPath: m_SizeDelta.x
      value: 200
      objectReference: {fileID: 0}
    - target: {fileID: 224481642781364536, guid: e9259d537f5bda441bdb522a5273856d,
        type: 2}
      propertyPath: m_SizeDelta.y
      value: 270
      objectReference: {fileID: 0}
    - target: {fileID: 224481642781364536, guid: e9259d537f5bda441bdb522a5273856d,
        type: 2}
      propertyPath: m_AnchorMin.x
      value: 0
      objectReference: {fileID: 0}
    - target: {fileID: 224481642781364536, guid: e9259d537f5bda441bdb522a5273856d,
        type: 2}
      propertyPath: m_AnchorMin.y
      value: 0
      objectReference: {fileID: 0}
    - target: {fileID: 224481642781364536, guid: e9259d537f5bda441bdb522a5273856d,
        type: 2}
      propertyPath: m_AnchorMax.x
      value: 0
      objectReference: {fileID: 0}
    - target: {fileID: 224481642781364536, guid: e9259d537f5bda441bdb522a5273856d,
        type: 2}
      propertyPath: m_AnchorMax.y
      value: 0
      objectReference: {fileID: 0}
    - target: {fileID: 224481642781364536, guid: e9259d537f5bda441bdb522a5273856d,
        type: 2}
      propertyPath: m_Pivot.x
      value: 0.5
      objectReference: {fileID: 0}
    - target: {fileID: 224481642781364536, guid: e9259d537f5bda441bdb522a5273856d,
        type: 2}
      propertyPath: m_Pivot.y
      value: 0.5
      objectReference: {fileID: 0}
    - target: {fileID: 224481642781364536, guid: e9259d537f5bda441bdb522a5273856d,
        type: 2}
      propertyPath: m_LocalEulerAnglesHint.z
      value: 180
      objectReference: {fileID: 0}
    m_RemovedComponents: []
  m_SourcePrefab: {fileID: 100100000, guid: e9259d537f5bda441bdb522a5273856d, type: 2}
  m_IsPrefabAsset: 0
--- !u!224 &293575913 stripped
RectTransform:
  m_CorrespondingSourceObject: {fileID: 224481642781364536, guid: e9259d537f5bda441bdb522a5273856d,
    type: 2}
  m_PrefabInternal: {fileID: 1605703415}
--- !u!224 &301335719 stripped
RectTransform:
  m_CorrespondingSourceObject: {fileID: 224481642781364536, guid: e9259d537f5bda441bdb522a5273856d,
    type: 2}
  m_PrefabInternal: {fileID: 325918193}
--- !u!1001 &325918193
Prefab:
  m_ObjectHideFlags: 0
  serializedVersion: 2
  m_Modification:
    m_TransformParent: {fileID: 421489548}
    m_Modifications:
    - target: {fileID: 224481642781364536, guid: e9259d537f5bda441bdb522a5273856d,
        type: 2}
      propertyPath: m_LocalPosition.x
      value: 0
      objectReference: {fileID: 0}
    - target: {fileID: 224481642781364536, guid: e9259d537f5bda441bdb522a5273856d,
        type: 2}
      propertyPath: m_LocalPosition.y
      value: 0
      objectReference: {fileID: 0}
    - target: {fileID: 224481642781364536, guid: e9259d537f5bda441bdb522a5273856d,
        type: 2}
      propertyPath: m_LocalPosition.z
      value: 0
      objectReference: {fileID: 0}
    - target: {fileID: 224481642781364536, guid: e9259d537f5bda441bdb522a5273856d,
        type: 2}
      propertyPath: m_LocalRotation.x
      value: -0
      objectReference: {fileID: 0}
    - target: {fileID: 224481642781364536, guid: e9259d537f5bda441bdb522a5273856d,
        type: 2}
      propertyPath: m_LocalRotation.y
      value: -0
      objectReference: {fileID: 0}
    - target: {fileID: 224481642781364536, guid: e9259d537f5bda441bdb522a5273856d,
        type: 2}
      propertyPath: m_LocalRotation.z
      value: -0
      objectReference: {fileID: 0}
    - target: {fileID: 224481642781364536, guid: e9259d537f5bda441bdb522a5273856d,
        type: 2}
      propertyPath: m_LocalRotation.w
      value: 1
      objectReference: {fileID: 0}
    - target: {fileID: 224481642781364536, guid: e9259d537f5bda441bdb522a5273856d,
        type: 2}
      propertyPath: m_RootOrder
      value: 2
      objectReference: {fileID: 0}
    - target: {fileID: 224481642781364536, guid: e9259d537f5bda441bdb522a5273856d,
        type: 2}
      propertyPath: m_AnchoredPosition.x
      value: 959
      objectReference: {fileID: 0}
    - target: {fileID: 224481642781364536, guid: e9259d537f5bda441bdb522a5273856d,
        type: 2}
      propertyPath: m_AnchoredPosition.y
      value: 83.99994
      objectReference: {fileID: 0}
    - target: {fileID: 224481642781364536, guid: e9259d537f5bda441bdb522a5273856d,
        type: 2}
      propertyPath: m_SizeDelta.x
      value: 200
      objectReference: {fileID: 0}
    - target: {fileID: 224481642781364536, guid: e9259d537f5bda441bdb522a5273856d,
        type: 2}
      propertyPath: m_SizeDelta.y
      value: 270
      objectReference: {fileID: 0}
    - target: {fileID: 224481642781364536, guid: e9259d537f5bda441bdb522a5273856d,
        type: 2}
      propertyPath: m_AnchorMin.x
      value: 0
      objectReference: {fileID: 0}
    - target: {fileID: 224481642781364536, guid: e9259d537f5bda441bdb522a5273856d,
        type: 2}
      propertyPath: m_AnchorMin.y
      value: 0
      objectReference: {fileID: 0}
    - target: {fileID: 224481642781364536, guid: e9259d537f5bda441bdb522a5273856d,
        type: 2}
      propertyPath: m_AnchorMax.x
      value: 0
      objectReference: {fileID: 0}
    - target: {fileID: 224481642781364536, guid: e9259d537f5bda441bdb522a5273856d,
        type: 2}
      propertyPath: m_AnchorMax.y
      value: 0
      objectReference: {fileID: 0}
    - target: {fileID: 224481642781364536, guid: e9259d537f5bda441bdb522a5273856d,
        type: 2}
      propertyPath: m_Pivot.x
      value: 0.5
      objectReference: {fileID: 0}
    - target: {fileID: 224481642781364536, guid: e9259d537f5bda441bdb522a5273856d,
        type: 2}
      propertyPath: m_Pivot.y
      value: 0.5
      objectReference: {fileID: 0}
    - target: {fileID: 224481642781364536, guid: e9259d537f5bda441bdb522a5273856d,
        type: 2}
      propertyPath: m_LocalScale.x
      value: 1.0000306
      objectReference: {fileID: 0}
    - target: {fileID: 224481642781364536, guid: e9259d537f5bda441bdb522a5273856d,
        type: 2}
      propertyPath: m_LocalScale.y
      value: 1.0000311
      objectReference: {fileID: 0}
    - target: {fileID: 224481642781364536, guid: e9259d537f5bda441bdb522a5273856d,
        type: 2}
      propertyPath: m_LocalScale.z
      value: 1.0000311
      objectReference: {fileID: 0}
    - target: {fileID: 1842230483335522, guid: e9259d537f5bda441bdb522a5273856d, type: 2}
      propertyPath: m_Name
      value: Card (2)
      objectReference: {fileID: 0}
    m_RemovedComponents: []
  m_SourcePrefab: {fileID: 100100000, guid: e9259d537f5bda441bdb522a5273856d, type: 2}
  m_IsPrefabAsset: 0
--- !u!1 &421489544
GameObject:
  m_ObjectHideFlags: 0
  m_CorrespondingSourceObject: {fileID: 0}
  m_PrefabInternal: {fileID: 0}
  serializedVersion: 6
  m_Component:
  - component: {fileID: 421489548}
  - component: {fileID: 421489547}
  - component: {fileID: 421489546}
  - component: {fileID: 421489545}
  m_Layer: 5
  m_Name: HandCanvas
  m_TagString: Untagged
  m_Icon: {fileID: 0}
  m_NavMeshLayer: 0
  m_StaticEditorFlags: 0
  m_IsActive: 1
--- !u!114 &421489545
MonoBehaviour:
  m_ObjectHideFlags: 0
  m_CorrespondingSourceObject: {fileID: 0}
  m_PrefabInternal: {fileID: 0}
  m_GameObject: {fileID: 421489544}
  m_Enabled: 1
  m_EditorHideFlags: 0
  m_Script: {fileID: 1301386320, guid: f70555f144d8491a825f0804e09c671c, type: 3}
  m_Name: 
  m_EditorClassIdentifier: 
  m_IgnoreReversedGraphics: 1
  m_BlockingObjects: 0
  m_BlockingMask:
    serializedVersion: 2
    m_Bits: 4294967295
--- !u!114 &421489546
MonoBehaviour:
  m_ObjectHideFlags: 0
  m_CorrespondingSourceObject: {fileID: 0}
  m_PrefabInternal: {fileID: 0}
  m_GameObject: {fileID: 421489544}
  m_Enabled: 1
  m_EditorHideFlags: 0
  m_Script: {fileID: 1980459831, guid: f70555f144d8491a825f0804e09c671c, type: 3}
  m_Name: 
  m_EditorClassIdentifier: 
  m_UiScaleMode: 1
  m_ReferencePixelsPerUnit: 100
  m_ScaleFactor: 1
  m_ReferenceResolution: {x: 1920, y: 1080}
  m_ScreenMatchMode: 1
  m_MatchWidthOrHeight: 0
  m_PhysicalUnit: 3
  m_FallbackScreenDPI: 96
  m_DefaultSpriteDPI: 96
  m_DynamicPixelsPerUnit: 1
--- !u!223 &421489547
Canvas:
  m_ObjectHideFlags: 0
  m_CorrespondingSourceObject: {fileID: 0}
  m_PrefabInternal: {fileID: 0}
  m_GameObject: {fileID: 421489544}
  m_Enabled: 1
  serializedVersion: 3
  m_RenderMode: 1
  m_Camera: {fileID: 1311710212}
  m_PlaneDistance: 100
  m_PixelPerfect: 0
  m_ReceivesEvents: 1
  m_OverrideSorting: 0
  m_OverridePixelPerfect: 0
  m_SortingBucketNormalizedSize: 0
  m_AdditionalShaderChannelsFlag: 0
  m_SortingLayerID: 0
  m_SortingOrder: 0
  m_TargetDisplay: 0
--- !u!224 &421489548
RectTransform:
  m_ObjectHideFlags: 0
  m_CorrespondingSourceObject: {fileID: 0}
  m_PrefabInternal: {fileID: 0}
  m_GameObject: {fileID: 421489544}
  m_LocalRotation: {x: 0, y: 0, z: 0, w: 1}
  m_LocalPosition: {x: 0, y: 0, z: 0}
  m_LocalScale: {x: 0, y: 0, z: 0}
  m_Children:
  - {fileID: 109717202}
  - {fileID: 1359581116}
  - {fileID: 301335719}
  - {fileID: 512282767}
  - {fileID: 1494942235}
  m_Father: {fileID: 0}
  m_RootOrder: 4
  m_LocalEulerAnglesHint: {x: 0, y: 0, z: 0}
  m_AnchorMin: {x: 0, y: 0}
  m_AnchorMax: {x: 0, y: 0}
  m_AnchoredPosition: {x: 0, y: 0}
  m_SizeDelta: {x: 0, y: 0}
  m_Pivot: {x: 0, y: 0}
--- !u!224 &512282767 stripped
RectTransform:
  m_CorrespondingSourceObject: {fileID: 224481642781364536, guid: e9259d537f5bda441bdb522a5273856d,
    type: 2}
  m_PrefabInternal: {fileID: 1535163389}
--- !u!224 &744998088 stripped
RectTransform:
  m_CorrespondingSourceObject: {fileID: 224481642781364536, guid: e9259d537f5bda441bdb522a5273856d,
    type: 2}
  m_PrefabInternal: {fileID: 2036742244}
--- !u!1001 &754254394
Prefab:
  m_ObjectHideFlags: 0
  serializedVersion: 2
  m_Modification:
    m_TransformParent: {fileID: 421489548}
    m_Modifications:
    - target: {fileID: 224481642781364536, guid: e9259d537f5bda441bdb522a5273856d,
        type: 2}
      propertyPath: m_LocalPosition.x
      value: 0
      objectReference: {fileID: 0}
    - target: {fileID: 224481642781364536, guid: e9259d537f5bda441bdb522a5273856d,
        type: 2}
      propertyPath: m_LocalPosition.y
      value: 0
      objectReference: {fileID: 0}
    - target: {fileID: 224481642781364536, guid: e9259d537f5bda441bdb522a5273856d,
        type: 2}
      propertyPath: m_LocalPosition.z
      value: 0
      objectReference: {fileID: 0}
    - target: {fileID: 224481642781364536, guid: e9259d537f5bda441bdb522a5273856d,
        type: 2}
      propertyPath: m_LocalRotation.x
      value: -0
      objectReference: {fileID: 0}
    - target: {fileID: 224481642781364536, guid: e9259d537f5bda441bdb522a5273856d,
        type: 2}
      propertyPath: m_LocalRotation.y
      value: -0
      objectReference: {fileID: 0}
    - target: {fileID: 224481642781364536, guid: e9259d537f5bda441bdb522a5273856d,
        type: 2}
      propertyPath: m_LocalRotation.z
      value: -0
      objectReference: {fileID: 0}
    - target: {fileID: 224481642781364536, guid: e9259d537f5bda441bdb522a5273856d,
        type: 2}
      propertyPath: m_LocalRotation.w
      value: 1
      objectReference: {fileID: 0}
    - target: {fileID: 224481642781364536, guid: e9259d537f5bda441bdb522a5273856d,
        type: 2}
      propertyPath: m_RootOrder
      value: 4
      objectReference: {fileID: 0}
    - target: {fileID: 224481642781364536, guid: e9259d537f5bda441bdb522a5273856d,
        type: 2}
      propertyPath: m_AnchoredPosition.x
      value: 1342
      objectReference: {fileID: 0}
    - target: {fileID: 224481642781364536, guid: e9259d537f5bda441bdb522a5273856d,
        type: 2}
      propertyPath: m_AnchoredPosition.y
      value: 83.99994
      objectReference: {fileID: 0}
    - target: {fileID: 224481642781364536, guid: e9259d537f5bda441bdb522a5273856d,
        type: 2}
      propertyPath: m_SizeDelta.x
      value: 200
      objectReference: {fileID: 0}
    - target: {fileID: 224481642781364536, guid: e9259d537f5bda441bdb522a5273856d,
        type: 2}
      propertyPath: m_SizeDelta.y
      value: 270
      objectReference: {fileID: 0}
    - target: {fileID: 224481642781364536, guid: e9259d537f5bda441bdb522a5273856d,
        type: 2}
      propertyPath: m_AnchorMin.x
      value: 0
      objectReference: {fileID: 0}
    - target: {fileID: 224481642781364536, guid: e9259d537f5bda441bdb522a5273856d,
        type: 2}
      propertyPath: m_AnchorMin.y
      value: 0
      objectReference: {fileID: 0}
    - target: {fileID: 224481642781364536, guid: e9259d537f5bda441bdb522a5273856d,
        type: 2}
      propertyPath: m_AnchorMax.x
      value: 0
      objectReference: {fileID: 0}
    - target: {fileID: 224481642781364536, guid: e9259d537f5bda441bdb522a5273856d,
        type: 2}
      propertyPath: m_AnchorMax.y
      value: 0
      objectReference: {fileID: 0}
    - target: {fileID: 224481642781364536, guid: e9259d537f5bda441bdb522a5273856d,
        type: 2}
      propertyPath: m_Pivot.x
      value: 0.5
      objectReference: {fileID: 0}
    - target: {fileID: 224481642781364536, guid: e9259d537f5bda441bdb522a5273856d,
        type: 2}
      propertyPath: m_Pivot.y
      value: 0.5
      objectReference: {fileID: 0}
    - target: {fileID: 224481642781364536, guid: e9259d537f5bda441bdb522a5273856d,
        type: 2}
      propertyPath: m_LocalScale.x
      value: 1.0000306
      objectReference: {fileID: 0}
    - target: {fileID: 224481642781364536, guid: e9259d537f5bda441bdb522a5273856d,
        type: 2}
      propertyPath: m_LocalScale.y
      value: 1.0000311
      objectReference: {fileID: 0}
    - target: {fileID: 224481642781364536, guid: e9259d537f5bda441bdb522a5273856d,
        type: 2}
      propertyPath: m_LocalScale.z
      value: 1.0000311
      objectReference: {fileID: 0}
    - target: {fileID: 1842230483335522, guid: e9259d537f5bda441bdb522a5273856d, type: 2}
      propertyPath: m_Name
      value: Card (4)
      objectReference: {fileID: 0}
    m_RemovedComponents: []
  m_SourcePrefab: {fileID: 100100000, guid: e9259d537f5bda441bdb522a5273856d, type: 2}
  m_IsPrefabAsset: 0
--- !u!1 &835637264
GameObject:
  m_ObjectHideFlags: 0
  m_CorrespondingSourceObject: {fileID: 0}
  m_PrefabInternal: {fileID: 0}
  serializedVersion: 6
  m_Component:
  - component: {fileID: 835637268}
  - component: {fileID: 835637267}
  - component: {fileID: 835637266}
  - component: {fileID: 835637265}
  m_Layer: 0
  m_Name: Field
  m_TagString: Untagged
  m_Icon: {fileID: 0}
  m_NavMeshLayer: 0
  m_StaticEditorFlags: 0
  m_IsActive: 1
--- !u!65 &835637265
BoxCollider:
  m_ObjectHideFlags: 0
  m_CorrespondingSourceObject: {fileID: 0}
  m_PrefabInternal: {fileID: 0}
  m_GameObject: {fileID: 835637264}
  m_Material: {fileID: 0}
  m_IsTrigger: 0
  m_Enabled: 1
  serializedVersion: 2
  m_Size: {x: 1, y: 1, z: 1}
  m_Center: {x: 0, y: 0, z: 0}
--- !u!23 &835637266
MeshRenderer:
  m_ObjectHideFlags: 0
  m_CorrespondingSourceObject: {fileID: 0}
  m_PrefabInternal: {fileID: 0}
  m_GameObject: {fileID: 835637264}
  m_Enabled: 1
  m_CastShadows: 1
  m_ReceiveShadows: 1
  m_DynamicOccludee: 1
  m_MotionVectors: 1
  m_LightProbeUsage: 1
  m_ReflectionProbeUsage: 1
  m_RenderingLayerMask: 4294967295
  m_Materials:
  - {fileID: 10303, guid: 0000000000000000f000000000000000, type: 0}
  m_StaticBatchInfo:
    firstSubMesh: 0
    subMeshCount: 0
  m_StaticBatchRoot: {fileID: 0}
  m_ProbeAnchor: {fileID: 0}
  m_LightProbeVolumeOverride: {fileID: 0}
  m_ScaleInLightmap: 1
  m_PreserveUVs: 0
  m_IgnoreNormalsForChartDetection: 0
  m_ImportantGI: 0
  m_StitchLightmapSeams: 0
  m_SelectedEditorRenderState: 3
  m_MinimumChartSize: 4
  m_AutoUVMaxDistance: 0.5
  m_AutoUVMaxAngle: 89
  m_LightmapParameters: {fileID: 0}
  m_SortingLayerID: 0
  m_SortingLayer: 0
  m_SortingOrder: 0
--- !u!33 &835637267
MeshFilter:
  m_ObjectHideFlags: 0
  m_CorrespondingSourceObject: {fileID: 0}
  m_PrefabInternal: {fileID: 0}
  m_GameObject: {fileID: 835637264}
  m_Mesh: {fileID: 10202, guid: 0000000000000000e000000000000000, type: 0}
--- !u!4 &835637268
Transform:
  m_ObjectHideFlags: 0
  m_CorrespondingSourceObject: {fileID: 0}
  m_PrefabInternal: {fileID: 0}
  m_GameObject: {fileID: 835637264}
  m_LocalRotation: {x: 0.7071068, y: 0, z: 0, w: 0.7071068}
  m_LocalPosition: {x: 0, y: 0, z: 0}
  m_LocalScale: {x: 350, y: 200, z: 1}
  m_Children: []
  m_Father: {fileID: 0}
  m_RootOrder: 3
  m_LocalEulerAnglesHint: {x: 90, y: 0, z: 0}
--- !u!224 &895198986 stripped
RectTransform:
  m_CorrespondingSourceObject: {fileID: 224481642781364536, guid: e9259d537f5bda441bdb522a5273856d,
    type: 2}
  m_PrefabInternal: {fileID: 101976470}
--- !u!1 &1101905052
GameObject:
  m_ObjectHideFlags: 0
  m_CorrespondingSourceObject: {fileID: 0}
  m_PrefabInternal: {fileID: 0}
  serializedVersion: 6
  m_Component:
  - component: {fileID: 1101905053}
  - component: {fileID: 1101905054}
  m_Layer: 0
  m_Name: GameDataBase
  m_TagString: Untagged
  m_Icon: {fileID: 0}
  m_NavMeshLayer: 0
  m_StaticEditorFlags: 0
  m_IsActive: 1
--- !u!4 &1101905053
Transform:
  m_ObjectHideFlags: 0
  m_CorrespondingSourceObject: {fileID: 0}
  m_PrefabInternal: {fileID: 0}
  m_GameObject: {fileID: 1101905052}
  m_LocalRotation: {x: 0, y: 0, z: 0, w: 1}
  m_LocalPosition: {x: 0, y: 0, z: 0}
  m_LocalScale: {x: 1, y: 1, z: 1}
  m_Children: []
  m_Father: {fileID: 0}
  m_RootOrder: 7
  m_LocalEulerAnglesHint: {x: 0, y: 0, z: 0}
--- !u!114 &1101905054
MonoBehaviour:
  m_ObjectHideFlags: 0
  m_CorrespondingSourceObject: {fileID: 0}
  m_PrefabInternal: {fileID: 0}
  m_GameObject: {fileID: 1101905052}
  m_Enabled: 1
  m_EditorHideFlags: 0
  m_Script: {fileID: 11500000, guid: 7b3d06053f176bb419a48b354f606fc5, type: 3}
  m_Name: 
  m_EditorClassIdentifier: 
  filePass: InfinityArc_cards.csv
--- !u!1001 &1111620150
Prefab:
  m_ObjectHideFlags: 0
  serializedVersion: 2
  m_Modification:
    m_TransformParent: {fileID: 421489548}
    m_Modifications:
    - target: {fileID: 224481642781364536, guid: e9259d537f5bda441bdb522a5273856d,
        type: 2}
      propertyPath: m_LocalPosition.x
      value: 0
      objectReference: {fileID: 0}
    - target: {fileID: 224481642781364536, guid: e9259d537f5bda441bdb522a5273856d,
        type: 2}
      propertyPath: m_LocalPosition.y
      value: 0
      objectReference: {fileID: 0}
    - target: {fileID: 224481642781364536, guid: e9259d537f5bda441bdb522a5273856d,
        type: 2}
      propertyPath: m_LocalPosition.z
      value: 0
      objectReference: {fileID: 0}
    - target: {fileID: 224481642781364536, guid: e9259d537f5bda441bdb522a5273856d,
        type: 2}
      propertyPath: m_LocalRotation.x
      value: 0
      objectReference: {fileID: 0}
    - target: {fileID: 224481642781364536, guid: e9259d537f5bda441bdb522a5273856d,
        type: 2}
      propertyPath: m_LocalRotation.y
      value: 0
      objectReference: {fileID: 0}
    - target: {fileID: 224481642781364536, guid: e9259d537f5bda441bdb522a5273856d,
        type: 2}
      propertyPath: m_LocalRotation.z
      value: 0
      objectReference: {fileID: 0}
    - target: {fileID: 224481642781364536, guid: e9259d537f5bda441bdb522a5273856d,
        type: 2}
      propertyPath: m_LocalRotation.w
      value: 1
      objectReference: {fileID: 0}
    - target: {fileID: 224481642781364536, guid: e9259d537f5bda441bdb522a5273856d,
        type: 2}
      propertyPath: m_RootOrder
      value: 0
      objectReference: {fileID: 0}
    - target: {fileID: 224481642781364536, guid: e9259d537f5bda441bdb522a5273856d,
        type: 2}
      propertyPath: m_AnchoredPosition.x
      value: 579
      objectReference: {fileID: 0}
    - target: {fileID: 224481642781364536, guid: e9259d537f5bda441bdb522a5273856d,
        type: 2}
      propertyPath: m_AnchoredPosition.y
      value: 84
      objectReference: {fileID: 0}
    - target: {fileID: 224481642781364536, guid: e9259d537f5bda441bdb522a5273856d,
        type: 2}
      propertyPath: m_SizeDelta.x
      value: 200
      objectReference: {fileID: 0}
    - target: {fileID: 224481642781364536, guid: e9259d537f5bda441bdb522a5273856d,
        type: 2}
      propertyPath: m_SizeDelta.y
      value: 270
      objectReference: {fileID: 0}
    - target: {fileID: 224481642781364536, guid: e9259d537f5bda441bdb522a5273856d,
        type: 2}
      propertyPath: m_AnchorMin.x
      value: 0
      objectReference: {fileID: 0}
    - target: {fileID: 224481642781364536, guid: e9259d537f5bda441bdb522a5273856d,
        type: 2}
      propertyPath: m_AnchorMin.y
      value: 0
      objectReference: {fileID: 0}
    - target: {fileID: 224481642781364536, guid: e9259d537f5bda441bdb522a5273856d,
        type: 2}
      propertyPath: m_AnchorMax.x
      value: 0
      objectReference: {fileID: 0}
    - target: {fileID: 224481642781364536, guid: e9259d537f5bda441bdb522a5273856d,
        type: 2}
      propertyPath: m_AnchorMax.y
      value: 0
      objectReference: {fileID: 0}
    - target: {fileID: 224481642781364536, guid: e9259d537f5bda441bdb522a5273856d,
        type: 2}
      propertyPath: m_Pivot.x
      value: 0.5
      objectReference: {fileID: 0}
    - target: {fileID: 224481642781364536, guid: e9259d537f5bda441bdb522a5273856d,
        type: 2}
      propertyPath: m_Pivot.y
      value: 0.5
      objectReference: {fileID: 0}
    m_RemovedComponents: []
  m_SourcePrefab: {fileID: 100100000, guid: e9259d537f5bda441bdb522a5273856d, type: 2}
  m_IsPrefabAsset: 0
--- !u!1001 &1185006602
Prefab:
  m_ObjectHideFlags: 0
  serializedVersion: 2
  m_Modification:
    m_TransformParent: {fileID: 421489548}
    m_Modifications:
    - target: {fileID: 224481642781364536, guid: e9259d537f5bda441bdb522a5273856d,
        type: 2}
      propertyPath: m_LocalPosition.x
      value: 0
      objectReference: {fileID: 0}
    - target: {fileID: 224481642781364536, guid: e9259d537f5bda441bdb522a5273856d,
        type: 2}
      propertyPath: m_LocalPosition.y
      value: 0
      objectReference: {fileID: 0}
    - target: {fileID: 224481642781364536, guid: e9259d537f5bda441bdb522a5273856d,
        type: 2}
      propertyPath: m_LocalPosition.z
      value: 0
      objectReference: {fileID: 0}
    - target: {fileID: 224481642781364536, guid: e9259d537f5bda441bdb522a5273856d,
        type: 2}
      propertyPath: m_LocalRotation.x
      value: -0
      objectReference: {fileID: 0}
    - target: {fileID: 224481642781364536, guid: e9259d537f5bda441bdb522a5273856d,
        type: 2}
      propertyPath: m_LocalRotation.y
      value: -0
      objectReference: {fileID: 0}
    - target: {fileID: 224481642781364536, guid: e9259d537f5bda441bdb522a5273856d,
        type: 2}
      propertyPath: m_LocalRotation.z
      value: -0
      objectReference: {fileID: 0}
    - target: {fileID: 224481642781364536, guid: e9259d537f5bda441bdb522a5273856d,
        type: 2}
      propertyPath: m_LocalRotation.w
      value: 1
      objectReference: {fileID: 0}
    - target: {fileID: 224481642781364536, guid: e9259d537f5bda441bdb522a5273856d,
        type: 2}
      propertyPath: m_RootOrder
      value: 1
      objectReference: {fileID: 0}
    - target: {fileID: 224481642781364536, guid: e9259d537f5bda441bdb522a5273856d,
        type: 2}
      propertyPath: m_AnchoredPosition.x
      value: 767
      objectReference: {fileID: 0}
    - target: {fileID: 224481642781364536, guid: e9259d537f5bda441bdb522a5273856d,
        type: 2}
      propertyPath: m_AnchoredPosition.y
      value: 83.99997
      objectReference: {fileID: 0}
    - target: {fileID: 224481642781364536, guid: e9259d537f5bda441bdb522a5273856d,
        type: 2}
      propertyPath: m_SizeDelta.x
      value: 200
      objectReference: {fileID: 0}
    - target: {fileID: 224481642781364536, guid: e9259d537f5bda441bdb522a5273856d,
        type: 2}
      propertyPath: m_SizeDelta.y
      value: 270
      objectReference: {fileID: 0}
    - target: {fileID: 224481642781364536, guid: e9259d537f5bda441bdb522a5273856d,
        type: 2}
      propertyPath: m_AnchorMin.x
      value: 0
      objectReference: {fileID: 0}
    - target: {fileID: 224481642781364536, guid: e9259d537f5bda441bdb522a5273856d,
        type: 2}
      propertyPath: m_AnchorMin.y
      value: 0
      objectReference: {fileID: 0}
    - target: {fileID: 224481642781364536, guid: e9259d537f5bda441bdb522a5273856d,
        type: 2}
      propertyPath: m_AnchorMax.x
      value: 0
      objectReference: {fileID: 0}
    - target: {fileID: 224481642781364536, guid: e9259d537f5bda441bdb522a5273856d,
        type: 2}
      propertyPath: m_AnchorMax.y
      value: 0
      objectReference: {fileID: 0}
    - target: {fileID: 224481642781364536, guid: e9259d537f5bda441bdb522a5273856d,
        type: 2}
      propertyPath: m_Pivot.x
      value: 0.5
      objectReference: {fileID: 0}
    - target: {fileID: 224481642781364536, guid: e9259d537f5bda441bdb522a5273856d,
        type: 2}
      propertyPath: m_Pivot.y
      value: 0.5
      objectReference: {fileID: 0}
    - target: {fileID: 224481642781364536, guid: e9259d537f5bda441bdb522a5273856d,
        type: 2}
      propertyPath: m_LocalScale.x
      value: 1.0000306
      objectReference: {fileID: 0}
    - target: {fileID: 224481642781364536, guid: e9259d537f5bda441bdb522a5273856d,
        type: 2}
      propertyPath: m_LocalScale.y
      value: 1.0000311
      objectReference: {fileID: 0}
    - target: {fileID: 224481642781364536, guid: e9259d537f5bda441bdb522a5273856d,
        type: 2}
      propertyPath: m_LocalScale.z
      value: 1.0000311
      objectReference: {fileID: 0}
    - target: {fileID: 1842230483335522, guid: e9259d537f5bda441bdb522a5273856d, type: 2}
      propertyPath: m_Name
      value: Card (1)
      objectReference: {fileID: 0}
    m_RemovedComponents: []
  m_SourcePrefab: {fileID: 100100000, guid: e9259d537f5bda441bdb522a5273856d, type: 2}
  m_IsPrefabAsset: 0
--- !u!1 &1311710210
GameObject:
  m_ObjectHideFlags: 0
  m_CorrespondingSourceObject: {fileID: 0}
  m_PrefabInternal: {fileID: 0}
  serializedVersion: 6
  m_Component:
  - component: {fileID: 1311710213}
  - component: {fileID: 1311710212}
  - component: {fileID: 1311710211}
  - component: {fileID: 1311710214}
  m_Layer: 0
  m_Name: Main Camera
  m_TagString: MainCamera
  m_Icon: {fileID: 0}
  m_NavMeshLayer: 0
  m_StaticEditorFlags: 0
  m_IsActive: 1
--- !u!81 &1311710211
AudioListener:
  m_ObjectHideFlags: 0
  m_CorrespondingSourceObject: {fileID: 0}
  m_PrefabInternal: {fileID: 0}
  m_GameObject: {fileID: 1311710210}
  m_Enabled: 1
--- !u!20 &1311710212
Camera:
  m_ObjectHideFlags: 0
  m_CorrespondingSourceObject: {fileID: 0}
  m_PrefabInternal: {fileID: 0}
  m_GameObject: {fileID: 1311710210}
  m_Enabled: 1
  serializedVersion: 2
  m_ClearFlags: 1
  m_BackGroundColor: {r: 0.19215687, g: 0.3019608, b: 0.4745098, a: 0}
  m_projectionMatrixMode: 1
  m_SensorSize: {x: 36, y: 24}
  m_LensShift: {x: 0, y: 0}
  m_FocalLength: 50
  m_NormalizedViewPortRect:
    serializedVersion: 2
    x: 0
    y: 0
    width: 1
    height: 1
  near clip plane: 0.3
  far clip plane: 1000
  field of view: 60
  orthographic: 0
  orthographic size: 5
  m_Depth: -1
  m_CullingMask:
    serializedVersion: 2
    m_Bits: 4294967295
  m_RenderingPath: -1
  m_TargetTexture: {fileID: 0}
  m_TargetDisplay: 0
  m_TargetEye: 3
  m_HDR: 1
  m_AllowMSAA: 1
  m_AllowDynamicResolution: 0
  m_ForceIntoRT: 0
  m_OcclusionCulling: 1
  m_StereoConvergence: 10
  m_StereoSeparation: 0.022
--- !u!4 &1311710213
Transform:
  m_ObjectHideFlags: 0
  m_CorrespondingSourceObject: {fileID: 0}
  m_PrefabInternal: {fileID: 0}
  m_GameObject: {fileID: 1311710210}
  m_LocalRotation: {x: 0.7071068, y: 0, z: 0, w: 0.7071068}
  m_LocalPosition: {x: 0, y: 200, z: 0}
  m_LocalScale: {x: 1, y: 1, z: 1}
  m_Children: []
  m_Father: {fileID: 0}
  m_RootOrder: 0
  m_LocalEulerAnglesHint: {x: 90, y: 0, z: 0}
--- !u!114 &1311710214
MonoBehaviour:
  m_ObjectHideFlags: 0
  m_CorrespondingSourceObject: {fileID: 0}
  m_PrefabInternal: {fileID: 0}
  m_GameObject: {fileID: 1311710210}
  m_Enabled: 1
  m_EditorHideFlags: 0
  m_Script: {fileID: 11500000, guid: 406521187eee2da4e81bdc1e70dbbc7a, type: 3}
  m_Name: 
  m_EditorClassIdentifier: 
  x_aspect: 16
  y_aspect: 9
--- !u!224 &1359581116 stripped
RectTransform:
  m_CorrespondingSourceObject: {fileID: 224481642781364536, guid: e9259d537f5bda441bdb522a5273856d,
    type: 2}
  m_PrefabInternal: {fileID: 1185006602}
--- !u!224 &1494942235 stripped
RectTransform:
  m_CorrespondingSourceObject: {fileID: 224481642781364536, guid: e9259d537f5bda441bdb522a5273856d,
    type: 2}
  m_PrefabInternal: {fileID: 754254394}
--- !u!1001 &1535163389
Prefab:
  m_ObjectHideFlags: 0
  serializedVersion: 2
  m_Modification:
    m_TransformParent: {fileID: 421489548}
    m_Modifications:
    - target: {fileID: 224481642781364536, guid: e9259d537f5bda441bdb522a5273856d,
        type: 2}
      propertyPath: m_LocalPosition.x
      value: 0
      objectReference: {fileID: 0}
    - target: {fileID: 224481642781364536, guid: e9259d537f5bda441bdb522a5273856d,
        type: 2}
      propertyPath: m_LocalPosition.y
      value: 0
      objectReference: {fileID: 0}
    - target: {fileID: 224481642781364536, guid: e9259d537f5bda441bdb522a5273856d,
        type: 2}
      propertyPath: m_LocalPosition.z
      value: 0
      objectReference: {fileID: 0}
    - target: {fileID: 224481642781364536, guid: e9259d537f5bda441bdb522a5273856d,
        type: 2}
      propertyPath: m_LocalRotation.x
      value: -0
      objectReference: {fileID: 0}
    - target: {fileID: 224481642781364536, guid: e9259d537f5bda441bdb522a5273856d,
        type: 2}
      propertyPath: m_LocalRotation.y
      value: -0
      objectReference: {fileID: 0}
    - target: {fileID: 224481642781364536, guid: e9259d537f5bda441bdb522a5273856d,
        type: 2}
      propertyPath: m_LocalRotation.z
      value: -0
      objectReference: {fileID: 0}
    - target: {fileID: 224481642781364536, guid: e9259d537f5bda441bdb522a5273856d,
        type: 2}
      propertyPath: m_LocalRotation.w
      value: 1
      objectReference: {fileID: 0}
    - target: {fileID: 224481642781364536, guid: e9259d537f5bda441bdb522a5273856d,
        type: 2}
      propertyPath: m_RootOrder
      value: 3
      objectReference: {fileID: 0}
    - target: {fileID: 224481642781364536, guid: e9259d537f5bda441bdb522a5273856d,
        type: 2}
      propertyPath: m_AnchoredPosition.x
      value: 1153
      objectReference: {fileID: 0}
    - target: {fileID: 224481642781364536, guid: e9259d537f5bda441bdb522a5273856d,
        type: 2}
      propertyPath: m_AnchoredPosition.y
      value: 83.99994
      objectReference: {fileID: 0}
    - target: {fileID: 224481642781364536, guid: e9259d537f5bda441bdb522a5273856d,
        type: 2}
      propertyPath: m_SizeDelta.x
      value: 200
      objectReference: {fileID: 0}
    - target: {fileID: 224481642781364536, guid: e9259d537f5bda441bdb522a5273856d,
        type: 2}
      propertyPath: m_SizeDelta.y
      value: 270
      objectReference: {fileID: 0}
    - target: {fileID: 224481642781364536, guid: e9259d537f5bda441bdb522a5273856d,
        type: 2}
      propertyPath: m_AnchorMin.x
      value: 0
      objectReference: {fileID: 0}
    - target: {fileID: 224481642781364536, guid: e9259d537f5bda441bdb522a5273856d,
        type: 2}
      propertyPath: m_AnchorMin.y
      value: 0
      objectReference: {fileID: 0}
    - target: {fileID: 224481642781364536, guid: e9259d537f5bda441bdb522a5273856d,
        type: 2}
      propertyPath: m_AnchorMax.x
      value: 0
      objectReference: {fileID: 0}
    - target: {fileID: 224481642781364536, guid: e9259d537f5bda441bdb522a5273856d,
        type: 2}
      propertyPath: m_AnchorMax.y
      value: 0
      objectReference: {fileID: 0}
    - target: {fileID: 224481642781364536, guid: e9259d537f5bda441bdb522a5273856d,
        type: 2}
      propertyPath: m_Pivot.x
      value: 0.5
      objectReference: {fileID: 0}
    - target: {fileID: 224481642781364536, guid: e9259d537f5bda441bdb522a5273856d,
        type: 2}
      propertyPath: m_Pivot.y
      value: 0.5
      objectReference: {fileID: 0}
    - target: {fileID: 224481642781364536, guid: e9259d537f5bda441bdb522a5273856d,
        type: 2}
      propertyPath: m_LocalScale.x
      value: 1.0000306
      objectReference: {fileID: 0}
    - target: {fileID: 224481642781364536, guid: e9259d537f5bda441bdb522a5273856d,
        type: 2}
      propertyPath: m_LocalScale.y
      value: 1.0000311
      objectReference: {fileID: 0}
    - target: {fileID: 224481642781364536, guid: e9259d537f5bda441bdb522a5273856d,
        type: 2}
      propertyPath: m_LocalScale.z
      value: 1.0000311
      objectReference: {fileID: 0}
    - target: {fileID: 1842230483335522, guid: e9259d537f5bda441bdb522a5273856d, type: 2}
      propertyPath: m_Name
      value: Card (3)
      objectReference: {fileID: 0}
    m_RemovedComponents: []
  m_SourcePrefab: {fileID: 100100000, guid: e9259d537f5bda441bdb522a5273856d, type: 2}
  m_IsPrefabAsset: 0
--- !u!1001 &1605703415
Prefab:
  m_ObjectHideFlags: 0
  serializedVersion: 2
  m_Modification:
    m_TransformParent: {fileID: 2030190096}
    m_Modifications:
    - target: {fileID: 224481642781364536, guid: e9259d537f5bda441bdb522a5273856d,
        type: 2}
      propertyPath: m_LocalPosition.x
      value: 0
      objectReference: {fileID: 0}
    - target: {fileID: 224481642781364536, guid: e9259d537f5bda441bdb522a5273856d,
        type: 2}
      propertyPath: m_LocalPosition.y
      value: 0
      objectReference: {fileID: 0}
    - target: {fileID: 224481642781364536, guid: e9259d537f5bda441bdb522a5273856d,
        type: 2}
      propertyPath: m_LocalPosition.z
      value: 0
      objectReference: {fileID: 0}
    - target: {fileID: 224481642781364536, guid: e9259d537f5bda441bdb522a5273856d,
        type: 2}
      propertyPath: m_LocalRotation.x
      value: 0
      objectReference: {fileID: 0}
    - target: {fileID: 224481642781364536, guid: e9259d537f5bda441bdb522a5273856d,
        type: 2}
      propertyPath: m_LocalRotation.y
      value: 0
      objectReference: {fileID: 0}
    - target: {fileID: 224481642781364536, guid: e9259d537f5bda441bdb522a5273856d,
        type: 2}
      propertyPath: m_LocalRotation.z
      value: 1
      objectReference: {fileID: 0}
    - target: {fileID: 224481642781364536, guid: e9259d537f5bda441bdb522a5273856d,
        type: 2}
      propertyPath: m_LocalRotation.w
      value: 0
      objectReference: {fileID: 0}
    - target: {fileID: 224481642781364536, guid: e9259d537f5bda441bdb522a5273856d,
        type: 2}
      propertyPath: m_RootOrder
      value: 2
      objectReference: {fileID: 0}
    - target: {fileID: 224481642781364536, guid: e9259d537f5bda441bdb522a5273856d,
        type: 2}
      propertyPath: m_AnchoredPosition.x
      value: 959
      objectReference: {fileID: 0}
    - target: {fileID: 224481642781364536, guid: e9259d537f5bda441bdb522a5273856d,
        type: 2}
      propertyPath: m_AnchoredPosition.y
      value: 1014.00024
      objectReference: {fileID: 0}
    - target: {fileID: 224481642781364536, guid: e9259d537f5bda441bdb522a5273856d,
        type: 2}
      propertyPath: m_SizeDelta.x
      value: 200
      objectReference: {fileID: 0}
    - target: {fileID: 224481642781364536, guid: e9259d537f5bda441bdb522a5273856d,
        type: 2}
      propertyPath: m_SizeDelta.y
      value: 270
      objectReference: {fileID: 0}
    - target: {fileID: 224481642781364536, guid: e9259d537f5bda441bdb522a5273856d,
        type: 2}
      propertyPath: m_AnchorMin.x
      value: 0
      objectReference: {fileID: 0}
    - target: {fileID: 224481642781364536, guid: e9259d537f5bda441bdb522a5273856d,
        type: 2}
      propertyPath: m_AnchorMin.y
      value: 0
      objectReference: {fileID: 0}
    - target: {fileID: 224481642781364536, guid: e9259d537f5bda441bdb522a5273856d,
        type: 2}
      propertyPath: m_AnchorMax.x
      value: 0
      objectReference: {fileID: 0}
    - target: {fileID: 224481642781364536, guid: e9259d537f5bda441bdb522a5273856d,
        type: 2}
      propertyPath: m_AnchorMax.y
      value: 0
      objectReference: {fileID: 0}
    - target: {fileID: 224481642781364536, guid: e9259d537f5bda441bdb522a5273856d,
        type: 2}
      propertyPath: m_Pivot.x
      value: 0.5
      objectReference: {fileID: 0}
    - target: {fileID: 224481642781364536, guid: e9259d537f5bda441bdb522a5273856d,
        type: 2}
      propertyPath: m_Pivot.y
      value: 0.5
      objectReference: {fileID: 0}
    - target: {fileID: 224481642781364536, guid: e9259d537f5bda441bdb522a5273856d,
        type: 2}
      propertyPath: m_LocalScale.x
      value: 1.0000306
      objectReference: {fileID: 0}
    - target: {fileID: 224481642781364536, guid: e9259d537f5bda441bdb522a5273856d,
        type: 2}
      propertyPath: m_LocalScale.y
      value: 1.0000311
      objectReference: {fileID: 0}
    - target: {fileID: 224481642781364536, guid: e9259d537f5bda441bdb522a5273856d,
        type: 2}
      propertyPath: m_LocalScale.z
      value: 1.0000311
      objectReference: {fileID: 0}
    - target: {fileID: 1842230483335522, guid: e9259d537f5bda441bdb522a5273856d, type: 2}
      propertyPath: m_Name
      value: Card (2)
      objectReference: {fileID: 0}
    - target: {fileID: 224481642781364536, guid: e9259d537f5bda441bdb522a5273856d,
        type: 2}
      propertyPath: m_LocalEulerAnglesHint.z
      value: 180
      objectReference: {fileID: 0}
    m_RemovedComponents: []
  m_SourcePrefab: {fileID: 100100000, guid: e9259d537f5bda441bdb522a5273856d, type: 2}
  m_IsPrefabAsset: 0
--- !u!224 &1837593205 stripped
RectTransform:
  m_CorrespondingSourceObject: {fileID: 224481642781364536, guid: e9259d537f5bda441bdb522a5273856d,
    type: 2}
  m_PrefabInternal: {fileID: 176943684}
--- !u!1001 &1879073751
Prefab:
  m_ObjectHideFlags: 0
  serializedVersion: 2
  m_Modification:
    m_TransformParent: {fileID: 2030190096}
    m_Modifications:
    - target: {fileID: 224481642781364536, guid: e9259d537f5bda441bdb522a5273856d,
        type: 2}
      propertyPath: m_LocalPosition.x
      value: 0
      objectReference: {fileID: 0}
    - target: {fileID: 224481642781364536, guid: e9259d537f5bda441bdb522a5273856d,
        type: 2}
      propertyPath: m_LocalPosition.y
      value: 0
      objectReference: {fileID: 0}
    - target: {fileID: 224481642781364536, guid: e9259d537f5bda441bdb522a5273856d,
        type: 2}
      propertyPath: m_LocalPosition.z
      value: 0
      objectReference: {fileID: 0}
    - target: {fileID: 224481642781364536, guid: e9259d537f5bda441bdb522a5273856d,
        type: 2}
      propertyPath: m_LocalRotation.x
      value: 0
      objectReference: {fileID: 0}
    - target: {fileID: 224481642781364536, guid: e9259d537f5bda441bdb522a5273856d,
        type: 2}
      propertyPath: m_LocalRotation.y
      value: 0
      objectReference: {fileID: 0}
    - target: {fileID: 224481642781364536, guid: e9259d537f5bda441bdb522a5273856d,
        type: 2}
      propertyPath: m_LocalRotation.z
      value: 1
      objectReference: {fileID: 0}
    - target: {fileID: 224481642781364536, guid: e9259d537f5bda441bdb522a5273856d,
        type: 2}
      propertyPath: m_LocalRotation.w
      value: 0
      objectReference: {fileID: 0}
    - target: {fileID: 224481642781364536, guid: e9259d537f5bda441bdb522a5273856d,
        type: 2}
      propertyPath: m_RootOrder
      value: 4
      objectReference: {fileID: 0}
    - target: {fileID: 224481642781364536, guid: e9259d537f5bda441bdb522a5273856d,
        type: 2}
      propertyPath: m_AnchoredPosition.x
      value: 1342
      objectReference: {fileID: 0}
    - target: {fileID: 224481642781364536, guid: e9259d537f5bda441bdb522a5273856d,
        type: 2}
      propertyPath: m_AnchoredPosition.y
      value: 1014.00024
      objectReference: {fileID: 0}
    - target: {fileID: 224481642781364536, guid: e9259d537f5bda441bdb522a5273856d,
        type: 2}
      propertyPath: m_SizeDelta.x
      value: 200
      objectReference: {fileID: 0}
    - target: {fileID: 224481642781364536, guid: e9259d537f5bda441bdb522a5273856d,
        type: 2}
      propertyPath: m_SizeDelta.y
      value: 270
      objectReference: {fileID: 0}
    - target: {fileID: 224481642781364536, guid: e9259d537f5bda441bdb522a5273856d,
        type: 2}
      propertyPath: m_AnchorMin.x
      value: 0
      objectReference: {fileID: 0}
    - target: {fileID: 224481642781364536, guid: e9259d537f5bda441bdb522a5273856d,
        type: 2}
      propertyPath: m_AnchorMin.y
      value: 0
      objectReference: {fileID: 0}
    - target: {fileID: 224481642781364536, guid: e9259d537f5bda441bdb522a5273856d,
        type: 2}
      propertyPath: m_AnchorMax.x
      value: 0
      objectReference: {fileID: 0}
    - target: {fileID: 224481642781364536, guid: e9259d537f5bda441bdb522a5273856d,
        type: 2}
      propertyPath: m_AnchorMax.y
      value: 0
      objectReference: {fileID: 0}
    - target: {fileID: 224481642781364536, guid: e9259d537f5bda441bdb522a5273856d,
        type: 2}
      propertyPath: m_Pivot.x
      value: 0.5
      objectReference: {fileID: 0}
    - target: {fileID: 224481642781364536, guid: e9259d537f5bda441bdb522a5273856d,
        type: 2}
      propertyPath: m_Pivot.y
      value: 0.5
      objectReference: {fileID: 0}
    - target: {fileID: 224481642781364536, guid: e9259d537f5bda441bdb522a5273856d,
        type: 2}
      propertyPath: m_LocalScale.x
      value: 1.0000306
      objectReference: {fileID: 0}
    - target: {fileID: 224481642781364536, guid: e9259d537f5bda441bdb522a5273856d,
        type: 2}
      propertyPath: m_LocalScale.y
      value: 1.0000311
      objectReference: {fileID: 0}
    - target: {fileID: 224481642781364536, guid: e9259d537f5bda441bdb522a5273856d,
        type: 2}
      propertyPath: m_LocalScale.z
      value: 1.0000311
      objectReference: {fileID: 0}
    - target: {fileID: 1842230483335522, guid: e9259d537f5bda441bdb522a5273856d, type: 2}
      propertyPath: m_Name
      value: Card (4)
      objectReference: {fileID: 0}
    - target: {fileID: 224481642781364536, guid: e9259d537f5bda441bdb522a5273856d,
        type: 2}
      propertyPath: m_LocalEulerAnglesHint.z
      value: 180
      objectReference: {fileID: 0}
    m_RemovedComponents: []
  m_SourcePrefab: {fileID: 100100000, guid: e9259d537f5bda441bdb522a5273856d, type: 2}
  m_IsPrefabAsset: 0
--- !u!1 &1932163876
GameObject:
  m_ObjectHideFlags: 0
  m_CorrespondingSourceObject: {fileID: 0}
  m_PrefabInternal: {fileID: 0}
  serializedVersion: 6
  m_Component:
  - component: {fileID: 1932163879}
  - component: {fileID: 1932163878}
  - component: {fileID: 1932163877}
  m_Layer: 0
  m_Name: Card
  m_TagString: Untagged
  m_Icon: {fileID: 0}
  m_NavMeshLayer: 0
  m_StaticEditorFlags: 0
  m_IsActive: 1
--- !u!114 &1932163877
MonoBehaviour:
  m_ObjectHideFlags: 0
  m_CorrespondingSourceObject: {fileID: 0}
  m_PrefabInternal: {fileID: 0}
  m_GameObject: {fileID: 1932163876}
  m_Enabled: 1
  m_EditorHideFlags: 0
  m_Script: {fileID: 11500000, guid: 10d08fddf6127fd469da34bfc5201b43, type: 3}
  m_Name: 
  m_EditorClassIdentifier: 
  faces: []
  cardBack: {fileID: 0}
  cardIndex: 0
--- !u!212 &1932163878
SpriteRenderer:
  m_ObjectHideFlags: 0
  m_CorrespondingSourceObject: {fileID: 0}
  m_PrefabInternal: {fileID: 0}
  m_GameObject: {fileID: 1932163876}
  m_Enabled: 1
  m_CastShadows: 0
  m_ReceiveShadows: 0
  m_DynamicOccludee: 1
  m_MotionVectors: 1
  m_LightProbeUsage: 1
  m_ReflectionProbeUsage: 1
  m_RenderingLayerMask: 4294967295
  m_Materials:
  - {fileID: 10306, guid: 0000000000000000f000000000000000, type: 0}
  m_StaticBatchInfo:
    firstSubMesh: 0
    subMeshCount: 0
  m_StaticBatchRoot: {fileID: 0}
  m_ProbeAnchor: {fileID: 0}
  m_LightProbeVolumeOverride: {fileID: 0}
  m_ScaleInLightmap: 1
  m_PreserveUVs: 0
  m_IgnoreNormalsForChartDetection: 0
  m_ImportantGI: 0
  m_StitchLightmapSeams: 0
  m_SelectedEditorRenderState: 0
  m_MinimumChartSize: 4
  m_AutoUVMaxDistance: 0.5
  m_AutoUVMaxAngle: 89
  m_LightmapParameters: {fileID: 0}
  m_SortingLayerID: 0
  m_SortingLayer: 0
  m_SortingOrder: 0
  m_Sprite: {fileID: 21300000, guid: 2afb9a4b241daea4588e3afad187d5c6, type: 3}
  m_Color: {r: 1, g: 1, b: 1, a: 1}
  m_FlipX: 0
  m_FlipY: 0
  m_DrawMode: 0
  m_Size: {x: 0.16, y: 0.16}
  m_AdaptiveModeThreshold: 0.5
  m_SpriteTileMode: 0
  m_WasSpriteAssigned: 1
  m_MaskInteraction: 0
  m_SpriteSortPoint: 0
--- !u!4 &1932163879
Transform:
  m_ObjectHideFlags: 0
  m_CorrespondingSourceObject: {fileID: 0}
  m_PrefabInternal: {fileID: 0}
  m_GameObject: {fileID: 1932163876}
  m_LocalRotation: {x: 0.5, y: 0.5, z: -0.5, w: 0.5}
  m_LocalPosition: {x: -29.8, y: 20, z: 41.3}
  m_LocalScale: {x: 5, y: 5, z: 1}
  m_Children: []
  m_Father: {fileID: 0}
  m_RootOrder: 6
  m_LocalEulerAnglesHint: {x: 90, y: 90, z: 0}
--- !u!1 &2030190092
GameObject:
  m_ObjectHideFlags: 0
  m_CorrespondingSourceObject: {fileID: 0}
  m_PrefabInternal: {fileID: 0}
  serializedVersion: 6
  m_Component:
  - component: {fileID: 2030190096}
  - component: {fileID: 2030190095}
  - component: {fileID: 2030190094}
  - component: {fileID: 2030190093}
  m_Layer: 5
  m_Name: EnemyHandCanvas
  m_TagString: Untagged
  m_Icon: {fileID: 0}
  m_NavMeshLayer: 0
  m_StaticEditorFlags: 0
  m_IsActive: 1
--- !u!114 &2030190093
MonoBehaviour:
  m_ObjectHideFlags: 0
  m_CorrespondingSourceObject: {fileID: 0}
  m_PrefabInternal: {fileID: 0}
  m_GameObject: {fileID: 2030190092}
  m_Enabled: 1
  m_EditorHideFlags: 0
  m_Script: {fileID: 1301386320, guid: f70555f144d8491a825f0804e09c671c, type: 3}
  m_Name: 
  m_EditorClassIdentifier: 
  m_IgnoreReversedGraphics: 1
  m_BlockingObjects: 0
  m_BlockingMask:
    serializedVersion: 2
    m_Bits: 4294967295
--- !u!114 &2030190094
MonoBehaviour:
  m_ObjectHideFlags: 0
  m_CorrespondingSourceObject: {fileID: 0}
  m_PrefabInternal: {fileID: 0}
  m_GameObject: {fileID: 2030190092}
  m_Enabled: 1
  m_EditorHideFlags: 0
  m_Script: {fileID: 1980459831, guid: f70555f144d8491a825f0804e09c671c, type: 3}
  m_Name: 
  m_EditorClassIdentifier: 
  m_UiScaleMode: 1
  m_ReferencePixelsPerUnit: 100
  m_ScaleFactor: 1
  m_ReferenceResolution: {x: 1920, y: 1080}
  m_ScreenMatchMode: 1
  m_MatchWidthOrHeight: 0
  m_PhysicalUnit: 3
  m_FallbackScreenDPI: 96
  m_DefaultSpriteDPI: 96
  m_DynamicPixelsPerUnit: 1
--- !u!223 &2030190095
Canvas:
  m_ObjectHideFlags: 0
  m_CorrespondingSourceObject: {fileID: 0}
  m_PrefabInternal: {fileID: 0}
  m_GameObject: {fileID: 2030190092}
  m_Enabled: 1
  serializedVersion: 3
  m_RenderMode: 1
  m_Camera: {fileID: 1311710212}
  m_PlaneDistance: 100
  m_PixelPerfect: 0
  m_ReceivesEvents: 1
  m_OverrideSorting: 0
  m_OverridePixelPerfect: 0
  m_SortingBucketNormalizedSize: 0
  m_AdditionalShaderChannelsFlag: 0
  m_SortingLayerID: 0
  m_SortingOrder: 0
  m_TargetDisplay: 0
--- !u!224 &2030190096
RectTransform:
  m_ObjectHideFlags: 0
  m_CorrespondingSourceObject: {fileID: 0}
  m_PrefabInternal: {fileID: 0}
  m_GameObject: {fileID: 2030190092}
  m_LocalRotation: {x: 0, y: 0, z: 0, w: 1}
  m_LocalPosition: {x: 0, y: 0, z: 0}
  m_LocalScale: {x: 0, y: 0, z: 0}
  m_Children:
  - {fileID: 1837593205}
  - {fileID: 744998088}
  - {fileID: 293575913}
  - {fileID: 895198986}
  - {fileID: 142158084}
  m_Father: {fileID: 0}
  m_RootOrder: 5
  m_LocalEulerAnglesHint: {x: 0, y: 0, z: 0}
  m_AnchorMin: {x: 0, y: 0}
  m_AnchorMax: {x: 0, y: 0}
  m_AnchoredPosition: {x: 0, y: 0}
  m_SizeDelta: {x: 0, y: 0}
  m_Pivot: {x: 0, y: 0}
--- !u!1001 &2036742244
Prefab:
  m_ObjectHideFlags: 0
  serializedVersion: 2
  m_Modification:
    m_TransformParent: {fileID: 2030190096}
    m_Modifications:
    - target: {fileID: 224481642781364536, guid: e9259d537f5bda441bdb522a5273856d,
        type: 2}
      propertyPath: m_LocalPosition.x
      value: 0
      objectReference: {fileID: 0}
    - target: {fileID: 224481642781364536, guid: e9259d537f5bda441bdb522a5273856d,
        type: 2}
      propertyPath: m_LocalPosition.y
      value: 0
      objectReference: {fileID: 0}
    - target: {fileID: 224481642781364536, guid: e9259d537f5bda441bdb522a5273856d,
        type: 2}
      propertyPath: m_LocalPosition.z
      value: 0
      objectReference: {fileID: 0}
    - target: {fileID: 224481642781364536, guid: e9259d537f5bda441bdb522a5273856d,
        type: 2}
      propertyPath: m_LocalRotation.x
      value: 0
      objectReference: {fileID: 0}
    - target: {fileID: 224481642781364536, guid: e9259d537f5bda441bdb522a5273856d,
        type: 2}
      propertyPath: m_LocalRotation.y
      value: 0
      objectReference: {fileID: 0}
    - target: {fileID: 224481642781364536, guid: e9259d537f5bda441bdb522a5273856d,
        type: 2}
      propertyPath: m_LocalRotation.z
      value: 1
      objectReference: {fileID: 0}
    - target: {fileID: 224481642781364536, guid: e9259d537f5bda441bdb522a5273856d,
        type: 2}
      propertyPath: m_LocalRotation.w
      value: 0
      objectReference: {fileID: 0}
    - target: {fileID: 224481642781364536, guid: e9259d537f5bda441bdb522a5273856d,
        type: 2}
      propertyPath: m_RootOrder
      value: 1
      objectReference: {fileID: 0}
    - target: {fileID: 224481642781364536, guid: e9259d537f5bda441bdb522a5273856d,
        type: 2}
      propertyPath: m_AnchoredPosition.x
      value: 767
      objectReference: {fileID: 0}
    - target: {fileID: 224481642781364536, guid: e9259d537f5bda441bdb522a5273856d,
        type: 2}
      propertyPath: m_AnchoredPosition.y
      value: 1014.00024
      objectReference: {fileID: 0}
    - target: {fileID: 224481642781364536, guid: e9259d537f5bda441bdb522a5273856d,
        type: 2}
      propertyPath: m_SizeDelta.x
      value: 200
      objectReference: {fileID: 0}
    - target: {fileID: 224481642781364536, guid: e9259d537f5bda441bdb522a5273856d,
        type: 2}
      propertyPath: m_SizeDelta.y
      value: 270
      objectReference: {fileID: 0}
    - target: {fileID: 224481642781364536, guid: e9259d537f5bda441bdb522a5273856d,
        type: 2}
      propertyPath: m_AnchorMin.x
      value: 0
      objectReference: {fileID: 0}
    - target: {fileID: 224481642781364536, guid: e9259d537f5bda441bdb522a5273856d,
        type: 2}
      propertyPath: m_AnchorMin.y
      value: 0
      objectReference: {fileID: 0}
    - target: {fileID: 224481642781364536, guid: e9259d537f5bda441bdb522a5273856d,
        type: 2}
      propertyPath: m_AnchorMax.x
      value: 0
      objectReference: {fileID: 0}
    - target: {fileID: 224481642781364536, guid: e9259d537f5bda441bdb522a5273856d,
        type: 2}
      propertyPath: m_AnchorMax.y
      value: 0
      objectReference: {fileID: 0}
    - target: {fileID: 224481642781364536, guid: e9259d537f5bda441bdb522a5273856d,
        type: 2}
      propertyPath: m_Pivot.x
      value: 0.5
      objectReference: {fileID: 0}
    - target: {fileID: 224481642781364536, guid: e9259d537f5bda441bdb522a5273856d,
        type: 2}
      propertyPath: m_Pivot.y
      value: 0.5
      objectReference: {fileID: 0}
    - target: {fileID: 224481642781364536, guid: e9259d537f5bda441bdb522a5273856d,
        type: 2}
      propertyPath: m_LocalScale.x
      value: 1.0000306
      objectReference: {fileID: 0}
    - target: {fileID: 224481642781364536, guid: e9259d537f5bda441bdb522a5273856d,
        type: 2}
      propertyPath: m_LocalScale.y
      value: 1.0000311
      objectReference: {fileID: 0}
    - target: {fileID: 224481642781364536, guid: e9259d537f5bda441bdb522a5273856d,
        type: 2}
      propertyPath: m_LocalScale.z
      value: 1.0000311
      objectReference: {fileID: 0}
    - target: {fileID: 1842230483335522, guid: e9259d537f5bda441bdb522a5273856d, type: 2}
      propertyPath: m_Name
      value: Card (1)
      objectReference: {fileID: 0}
    - target: {fileID: 224481642781364536, guid: e9259d537f5bda441bdb522a5273856d,
        type: 2}
      propertyPath: m_LocalEulerAnglesHint.z
      value: 180
      objectReference: {fileID: 0}
    m_RemovedComponents: []
  m_SourcePrefab: {fileID: 100100000, guid: e9259d537f5bda441bdb522a5273856d, type: 2}
  m_IsPrefabAsset: 0
--- !u!1 &2125756004
GameObject:
  m_ObjectHideFlags: 0
  m_CorrespondingSourceObject: {fileID: 0}
  m_PrefabInternal: {fileID: 0}
  serializedVersion: 6
  m_Component:
  - component: {fileID: 2125756008}
  - component: {fileID: 2125756007}
  - component: {fileID: 2125756006}
  - component: {fileID: 2125756005}
  m_Layer: 5
  m_Name: UICanvas
  m_TagString: Untagged
  m_Icon: {fileID: 0}
  m_NavMeshLayer: 0
  m_StaticEditorFlags: 0
  m_IsActive: 1
--- !u!114 &2125756005
MonoBehaviour:
  m_ObjectHideFlags: 0
  m_CorrespondingSourceObject: {fileID: 0}
  m_PrefabInternal: {fileID: 0}
  m_GameObject: {fileID: 2125756004}
  m_Enabled: 1
  m_EditorHideFlags: 0
  m_Script: {fileID: 1301386320, guid: f70555f144d8491a825f0804e09c671c, type: 3}
  m_Name: 
  m_EditorClassIdentifier: 
  m_IgnoreReversedGraphics: 1
  m_BlockingObjects: 0
  m_BlockingMask:
    serializedVersion: 2
    m_Bits: 4294967295
--- !u!114 &2125756006
MonoBehaviour:
  m_ObjectHideFlags: 0
  m_CorrespondingSourceObject: {fileID: 0}
  m_PrefabInternal: {fileID: 0}
  m_GameObject: {fileID: 2125756004}
  m_Enabled: 1
  m_EditorHideFlags: 0
  m_Script: {fileID: 1980459831, guid: f70555f144d8491a825f0804e09c671c, type: 3}
  m_Name: 
  m_EditorClassIdentifier: 
  m_UiScaleMode: 1
  m_ReferencePixelsPerUnit: 100
  m_ScaleFactor: 1
  m_ReferenceResolution: {x: 1920, y: 1080}
  m_ScreenMatchMode: 1
  m_MatchWidthOrHeight: 0
  m_PhysicalUnit: 3
  m_FallbackScreenDPI: 96
  m_DefaultSpriteDPI: 96
  m_DynamicPixelsPerUnit: 1
--- !u!223 &2125756007
Canvas:
  m_ObjectHideFlags: 0
  m_CorrespondingSourceObject: {fileID: 0}
  m_PrefabInternal: {fileID: 0}
  m_GameObject: {fileID: 2125756004}
  m_Enabled: 1
  serializedVersion: 3
  m_RenderMode: 1
  m_Camera: {fileID: 1311710212}
  m_PlaneDistance: 100
  m_PixelPerfect: 0
  m_ReceivesEvents: 1
  m_OverrideSorting: 0
  m_OverridePixelPerfect: 0
  m_SortingBucketNormalizedSize: 0
  m_AdditionalShaderChannelsFlag: 0
  m_SortingLayerID: 0
  m_SortingOrder: 0
  m_TargetDisplay: 0
--- !u!224 &2125756008
RectTransform:
  m_ObjectHideFlags: 0
  m_CorrespondingSourceObject: {fileID: 0}
  m_PrefabInternal: {fileID: 0}
  m_GameObject: {fileID: 2125756004}
  m_LocalRotation: {x: 0, y: 0, z: 0, w: 1}
  m_LocalPosition: {x: 0, y: 0, z: 0}
  m_LocalScale: {x: 0, y: 0, z: 0}
  m_Children: []
  m_Father: {fileID: 0}
  m_RootOrder: 1
  m_LocalEulerAnglesHint: {x: 0, y: 0, z: 0}
  m_AnchorMin: {x: 0, y: 0}
  m_AnchorMax: {x: 0, y: 0}
  m_AnchoredPosition: {x: 0, y: 0}
  m_SizeDelta: {x: 0, y: 0}
  m_Pivot: {x: 0, y: 0}
